<?xml version="1.0" encoding="UTF-8"?><collection xmlns="http://www.loc.gov/MARC21/slim"><record><leader>00577nam--2200217-u-4500</leader><controlfield tag="001">000050369</controlfield><controlfield tag="002">20161230</controlfield><controlfield tag="003">81792</controlfield><controlfield tag="005">20161230201048</controlfield><controlfield tag="008">070129s1000------------r-----000-0-eng-d</controlfield><datafield ind1=" " ind2=" " tag="020"><subfield code="a">0-8218-3495-9</subfield></datafield><datafield ind1=" " ind2=" " tag="040"><subfield code="a">IFIN-HH</subfield></datafield><datafield ind1=" " ind2=" " tag="041"><subfield code="a">eng</subfield></datafield><datafield ind1="1" ind2=" " tag="100"><subfield code="a">Nyman,Adam</subfield></datafield><datafield ind1="1" ind2="0" tag="245"><subfield code="a">Points on Quantum Projectivizations</subfield></datafield><datafield ind1=" " ind2=" " tag="260"><subfield code="a">Rhode Island</subfield><subfield code="b">American Mathematical Society</subfield><subfield code="c">2004</subfield></datafield><datafield ind1=" " ind2=" " tag="300"><subfield code="a">142 p</subfield></datafield><datafield ind1=" " ind2=" " tag="490"><subfield code="a">Memoirs of the American Mathematical Society</subfield><subfield code="v">Vol.795</subfield></datafield><datafield ind1=" " ind2="4" tag="650"><subfield code="a">Bimodules and Algebras</subfield></datafield><datafield ind1=" " ind2=" " tag="852"><subfield code="a">81792</subfield></datafield><datafield ind1=" " ind2=" " tag="CAT"><subfield code="a">Sys</subfield><subfield code="c">20070129</subfield><subfield code="h">135727</subfield></datafield></record></collection>